@book{RSI2010,
  title={Rethinking social inquiry: Diverse tools, shared standards},
  author={Brady, Henry E and Collier, David},
  year={2010},
  publisher={Rowman \& Littlefield Publishers}
}

@book{KKV1994,
  title={Designing social inquiry},
  author={King, Gary and Keohane, Robert O and Verba, Sidney},
  year={1994},
  publisher={Princeton university press}
}