@book{RSI2010,
  title={Rethinking social inquiry: Diverse tools, shared standards},
  author={Brady, Henry E and Collier, David},
  year={2010},
  publisher={Rowman \& Littlefield Publishers}
}

@book{KKV1994,
  title={Designing social inquiry},
  author={King, Gary and Keohane, Robert O and Verba, Sidney},
  year={1994},
  publisher={Princeton university press}
}

@book{VAB2020,
  title={Analyse causale et m{\'e}thodes quantitatives: une introduction avec R, Stata et SPSS},
  author={Arel-Bundock, Vincent},
  year={2020},
  publisher={Presses de l'Universit{\'e} de Montr{\'e}al}
}

@article{adcock2001,
  title={Measurement validity: A shared standard for qualitative and quantitative research},
  author={Adcock, Robert and Collier, David},
  journal={American political science review},
  volume={95},
  number={3},
  pages={529--546},
  year={2001},
  publisher={Cambridge University Press}
}

@book{imai2018,
  title={Quantitative social science: an introduction},
  author={Imai, Kosuke},
  year={2018},
  publisher={Princeton University Press}
}